<record><leader>00000cas a22000007a 4500</leader><controlfield tag="001">13058584</controlfield><controlfield tag="008">860124d19391940wiumr ne      0    0eng d</controlfield><datafield ind1=" " ind2=" " tag="010"><subfield code="a">sn 86086292 </subfield></datafield><datafield ind1=" " ind2=" " tag="040"><subfield code="a">NPV</subfield><subfield code="b">eng</subfield><subfield code="c">NPV</subfield><subfield code="d">OCLCQ</subfield></datafield><datafield ind1=" " ind2=" " tag="042"><subfield code="a">msc</subfield></datafield><datafield ind1=" " ind2=" " tag="045"><subfield code="a">x3x4</subfield></datafield><datafield ind1=" " ind2=" " tag="052"><subfield code="a">4123</subfield><subfield code="b">B3</subfield></datafield><datafield ind1="0" ind2="0" tag="245"><subfield code="a">Rice Lake bulletin's shopping guide.</subfield></datafield><datafield ind1=" " ind2=" " tag="260"><subfield code="a">[Rice Lake, Wis. :</subfield><subfield code="b">s.n.],</subfield><subfield code="c">1939-</subfield></datafield><datafield ind1=" " ind2=" " tag="300"><subfield code="a">v. :</subfield><subfield code="b">ill.</subfield></datafield><datafield ind1=" " ind2=" " tag="310"><subfield code="a">Monthly</subfield></datafield><datafield ind1="0" ind2=" " tag="362"><subfield code="a">Vol. 1, no. 1 (Sept. 21, 1939)-</subfield></datafield><datafield ind1="1" ind2=" " tag="362"><subfield code="a">Ceased in July, 1940?</subfield></datafield><datafield ind1=" " ind2=" " tag="500"><subfield code="a">On masthead: "Published monthly in connection with the Rice Lake bulletin."</subfield></datafield><datafield ind1=" " ind2=" " tag="530"><subfield code="a">Available on microfilm from The State Historical Society of Wisconsin.</subfield></datafield><datafield ind1=" " ind2=" " tag="752"><subfield code="a">United States</subfield><subfield code="b">Wisconsin</subfield><subfield code="c">Barron</subfield><subfield code="d">Rice Lake.</subfield></datafield></record>